@misc{tsne,
  author = {Laurens van der Maaten},
  title = {{Visualizing Data using t-SNE}},
  howpublished = "\url{https://lvdmaaten.github.io/publications/papers/JMLR_2008.pdf}",
  year = {2008},
}

@misc{readability,
  author = {Gloria Corpas Pastor},
  title = {{Translation universals: do they exist? A corpus-based NLP study of convergence and simplification}},
  howpublished = "\url{https://www.researchgate.net/profile/Viktor_Pekar/publication/254434062_Translation_universals_do_they_exist_A_corpus-based_NLP_study_of_convergence_and_simplification/links/0046353b6bfcaa134b000000/Translation-universals-do-they-exist-A-corpus-based-NLP-study-of-convergence-and-simplification.pdf}",
  year = {2014},
}

@misc{textblob,
  author = {},
  title = {{TextBlob: Simplified Text Processing}},
  howpublished = "\url{https://textblob.readthedocs.io/en/dev/}",
  year = {},
}

@misc{logistic-regression:bag-of-words,
  author = {Ahmed Besbes},
  title = {{Overview and benchmark of traditional and deep learning models in text classification}},
  howpublished = "\url{https://www.kdnuggets.com/2018/07/overview-benchmark-deep-learning-models-text-classification.html}",
  year = {2018},
}

@ARTICLE{imagenet,
	AUTHOR = "Olga Russakovsky and Jia Deng and Hao Su and Jonathan Krause and Sanjeev Satheesh and Sean Ma and Zhiheng Huang and Andrej Karpathy and Aditya Khosla and Michael S. Bernstein and Alexander C. Berg and Fei-Fei Li",
	TITLE = "Imagenet large scale visual recognition challenge",
	JOURNAL = "CoRR abs/1409.0575",
	YEAR = {2014}	}

@inproceedings{krizhevsky2012imagenet,
  title={Imagenet classification with deep convolutional neural networks},
  author={Krizhevsky, Alex and Sutskever, Ilya and Hinton, Geoffrey E},
  booktitle={Advances in neural information processing systems},
  pages={1097--1105},
  year={2012}
}

@article{rennie2001:improving,
  title={Improving multi-class text classification with naive Bayes},
  author={Rennie, Jason DM},
  year={2001}
}

@article{sentiment-analysis,
  title={Sentiment Analysis of Twitter Data},
  author={Apoorv Agarwa},
  journal = {Association for Computational Linguistics},
  year={2011}
}

@article{many-classes,
  title={Combining Labeled and Unlabeled Data for MultiClass Text},
  author={Rayid Ghani},
  journal = {},
  year={2001}
}

@article{partalas2015lshtc,
  title={Lshtc: A benchmark for large-scale text classification},
  author={Partalas, Ioannis and Kosmopoulos, Aris and Baskiotis, Nicolas and Artieres, Thierry and Paliouras, George and Gaussier, Eric and Androutsopoulos, Ion and Amini, Massih-Reza and Galinari, Patrick},
  journal={arXiv preprint arXiv:1503.08581},
  year={2015}
}

 @article{jonesreddit,
  title={The Reddit Self-Post Classification Task (RSPCT): a highly multiclass dataset for text classification (PREPRINT)},
  author={Jones, Mike Swarbrick}
}

@misc{xmlrepo,
  author = {},
  title = {{The Extreme Classification Repository: Multi-label Datasets & Code}},
  howpublished = "\url{http://manikvarma.org/downloads/XC/XMLRepository.html}",
  year = {},
}

@misc{google:exploratory-analysis,
  author = {},
  title = {{Google Developer Guide on exploring text classification data}},
  howpublished = "\url{https://developers.google.com/machine-learning/guides/text-classification/step-2}",
  year = {},
}

@misc{kaggle:dataset,
  author = {},
  title = {{The reddit self-post classification task}},
  howpublished = "\url{https://www.kaggle.com/mswarbrickjones/reddit-selfposts}",
  year = {},
}

@inproceedings{pennington2014glove,
  author = {Jeffrey Pennington and Richard Socher and Christopher D. Manning},
  booktitle = {Empirical Methods in Natural Language Processing (EMNLP)},
  title = {GloVe: Global Vectors for Word Representation},
  year = {2014},
  pages = {1532--1543},
  url = {http://www.aclweb.org/anthology/D14-1162},
}
